@electronic{ref:wikipedia:abklingkonstante,
    note            = {[Stand: 16. Oktober 2015]},
    title           = {Abklingkonstante},
    organization    = {Wikipedia},
    url             = {https://de.wikipedia.org/wiki/Abklingkonstante},
},
@electronic{ref:wikipedia:periode,
    note            = {[Stand: 16. Oktober 2015]},
    title           = {Periode (Physik)},
    organization    = {Wikipedia},
    url             = {https://de.wikipedia.org/wiki/Periode_(Physik)},
},
@electronic{ref:wikipedia:logarithmDekr,
    note            = {[Stand: 16. Oktober 2015]},
    title           = {Logarithmisches Dekrement},
    organization    = {Wikipedia},
    url             = {https://de.wikipedia.org/wiki/Logarithmisches_Dekrement},
},
